@article{HXSJ202002001,
author = {  蔡静 and     叶润 and     贾凯 and     孙伟 and 赵丽平},
title = {茶多酚的提取及抑菌活性研究综述},
journal = {化学试剂},
volume = {42},
number = {02},
pages = {105-114},
year = {2020},
issn = {0258-3283},
doi = {10.13822/j.cnki.hxsj.2020007350}
}    
@article{JSHJ201504002,
author = {  明珠 and     吴云海 and 阿依妮尕尔·艾尔肯},
title = {茶汤与金属离子络合反应的研究},
journal = {环境科技},
volume = {28},
number = {04},
pages = {5-11},
year = {2015},
issn = {1674-4829},
}    
